<record><leader>00000cas a22000007a 4500</leader><controlfield tag="001">40704593</controlfield><controlfield tag="008">990129d192u1932caucr ne      0    0eng d</controlfield><datafield ind1=" " ind2=" " tag="010"><subfield code="a">sn 98061741 </subfield></datafield><datafield ind1=" " ind2=" " tag="040"><subfield code="a">CNK</subfield><subfield code="b">eng</subfield><subfield code="c">CNK</subfield><subfield code="d">OCLCQ</subfield><subfield code="d">OCLCF</subfield><subfield code="d">OCLCO</subfield></datafield><datafield ind1="1" ind2=" " tag="029"><subfield code="a">AU@</subfield><subfield code="b">000014546266</subfield></datafield><datafield ind1=" " ind2=" " tag="042"><subfield code="a">msc</subfield></datafield><datafield ind1=" " ind2=" " tag="043"><subfield code="a">n-us-ca</subfield></datafield><datafield ind1="0" ind2="4" tag="245"><subfield code="a">The grove at high tide.</subfield></datafield><datafield ind1="3" ind2=" " tag="246"><subfield code="a">High tide</subfield></datafield><datafield ind1=" " ind2=" " tag="260"><subfield code="a">Pacific Grove, Calif. :</subfield><subfield code="b">William E. Gould</subfield></datafield><datafield ind1=" " ind2=" " tag="300"><subfield code="a">v.</subfield></datafield><datafield ind1=" " ind2=" " tag="310"><subfield code="a">Semiweekly,</subfield><subfield code="b">Jan. 13, 1931-Jan. 5, 1932</subfield></datafield><datafield ind1=" " ind2=" " tag="321"><subfield code="a">Weekly,</subfield><subfield code="b">&lt;May 17, 1929&gt;-Jan. 9, 1931</subfield></datafield><datafield ind1="0" ind2=" " tag="362"><subfield code="a">-v. 45, no. 90 (Jan. 5, 1932).</subfield></datafield><datafield ind1=" " ind2=" " tag="500"><subfield code="a">"The Grove at" appears in small print above "High Tide."</subfield></datafield><datafield ind1=" " ind2=" " tag="500"><subfield code="a">"Formerly The Peninsular Review and Pacific Grove Daily Review."</subfield></datafield><datafield ind1=" " ind2=" " tag="588"><subfield code="a">Description based on: Vol. 42 [i.e. 43], no. 20 (May 17, 1929).</subfield></datafield><datafield ind1=" " ind2="0" tag="651"><subfield code="a">Pacific Grove (Calif.)</subfield><subfield code="v">Newspapers.</subfield></datafield><datafield ind1=" " ind2="7" tag="655"><subfield code="a">Newspapers.</subfield><subfield code="2">fast</subfield><subfield code="0">(OCoLC)fst01423814</subfield></datafield><datafield ind1=" " ind2="7" tag="651"><subfield code="a">California</subfield><subfield code="z">Pacific Grove.</subfield><subfield code="2">fast</subfield><subfield code="0">(OCoLC)fst01206167</subfield></datafield><datafield ind1=" " ind2=" " tag="752"><subfield code="a">United States</subfield><subfield code="b">California</subfield><subfield code="c">Monterey</subfield><subfield code="d">Pacific Grove.</subfield></datafield><datafield ind1="0" ind2="0" tag="785"><subfield code="t">Pacific Grove tribune (Pacific Grove, Calif. : 1932)</subfield><subfield code="w">(DLC)sn 98061742</subfield></datafield></record>